@Article{	  eco08,
  title		= "Species diversity in neutral metacommunities: a network approach",
  author	= "E.~P. Economo and T.~H. Keitt",
  journal	= "Ecology Letters",
  pages		= "52--62",
  volume	= "11",
  year		= "2008"
}

@Article{	  eco10,
  title		= "Network isolation and local diversity in neutral metacommunities",
  author	= "E.~P. Economo and T.~H. Keitt",
  journal	= "Oikos",
  pages		= "1--9",
  volume	= "10",
  year		= "2010"
}

@Article{	  dij59,
  title		= "A note on two problems in connexion with graphs",
  author	= "E.~W. Dijkstra",
  journal	= "Numer. Math.",
  pages		= "269--271",
  volume	= "1",
  year		= "1959"
}

@Book{		  sed01,
  title		= "Algorithms in C++ Part 5: Graph Algorithms.",
  author	= "R. Sedgewick",
  publisher	= "Addison-Wesley Professional",
  edition	= "3rd",
  year		= "2001"
}

@Book{		  gro06,
  title		= "Graph Theory and its Applications",
  author	= "J.~L. Gross and J. Yellen",
  publisher	= "Chapman \& Hall",
  edition	= "2nd",
  year		= "2006"
}

@Article{	  gar08,
  title		= "Applications of graph theory to landscape genetics",
  author	= "C.~J. Garroway and J. Bowman and D. Carr and P.~J. Wilson",
  journal	= "Evol. Appl.",
  pages		= "620--630",
  volume	= "1",
  year		= "2008"
}

@Article{	  urb09,
  title		= "Graph models of habitat mosaics",
  author	= "D.~L. Urban and E.~S. Minor and E.~A. Treml and R.~S.
		  Schick",
  journal	= "Ecology Letters",
  pages		= "260--273",
  volume	= "12",
  year		= "2009"
}

@Book{		  pen03,
  title		= "Random Geometric Graphs",
  author	= "M. Penrose",
  publisher	= "Oxford University Press",
  year		= "2003"
}

@Article{	  des12,
  title		= "How likely is speciation in neutral ecology?",
  author	= "P. Desjardins-Proulx and D. Gravel",
  journal	= "The American Naturalist",
  year		= "2012",
  volume	= "179",
  number	= "1",
  doi		= "10.1086/663196",
  pages		= "137--144"
}

@Article{	  des12b,
  title		= "A complex speciation-richness relationship in a simple
		  neutral model",
  author	= "P. Desjardins-Proulx and D. Gravel",
  journal	= "Ecology and Evolution",
  year		= "2012",
  volume	= "2",
  number	= "8",
  pages		= "1781--1790",
  doi		= "10.1002/ece3.292"
}

@Article{	  min07,
  title		= "Graph theory as a proxy for spatially explicit population
		  models in conservation planning",
  author	= "E.~S. Minor and D.~L. Urban",
  journal	= "Ecological Applications",
  pages		= "1771--1782",
  volume	= "17",
  number	= "6",
  year		= "2007"
}

@Article{	  min08,
  title		= "A graph theory framework for evaluating landscape
		  connectivity and conservation planning",
  author	= "E.~S. Minor and D.~L. Urban",
  journal	= "Conservation Biology ",
  pages		= "297--307",
  volume	= "22",
  number	= "2",
  year		= "2008"
}

@Book{		  new10,
  title		= "Networks: An Introduction",
  author	= "M. Newman",
  publisher	= "Oxford University Press",
  year		= "2010"
}

@Article{	  dal10,
  title		= "From Graphs to Spatial Graphs",
  author	= "M.~R.~T. Dale and M.-J. Fortin",
  journal	= "Annual Review of Ecology, Evolution, and Systematics",
  pages		= "21--38",
  volume	= "41",
  year		= "2010"
}

@Article{	  wri21,
  author	= "S. Wright",
  title		= "Correlation and causation",
  journal	= "Journal of Agricultural Research",
  year		= "1921",
  volume        = "20",
  pages		= "557--585"
}

@Article{	  kob94,
  title		= "On the spatial graph",
  author	= "K. Kobayashi",
  journal	= "Kodai Mathematical Journal",
  pages		= "511--517",
  volume	= "17",
  number	= "3",
  year		= "1994"
}

@Article{	  fal07,
  title		= "Spatial graphs: principles and applications for habitat
		  connectivity",
  author	= "A. Fall and M.~J. Fortin and M. Manseau and D. O'Brian",
  journal	= "Ecosystems",
  pages		= "448--461",
  volume	= "10",
  year		= "2007"
}

@Article{	  app02a,
  title		= "The connectivity of a graph on uniform points in
		  $[0,1]^d$",
  author	= "M.~J.~B. Appel and R.~P. Russo",
  journal	= "Statistics \& Probability Letters",
  pages		= "351--357",
  volume	= "60",
  year		= "2002"
}

@Article{	  app02b,
  title		= "Limit laws for the diameter of a random point set",
  author	= "M.~J.~B. Appel and C.~A. Najim and R.~P. Russo",
  journal	= "Advances in Applied Probability",
  pages		= "1--10",
  volume	= "34",
  year		= "2002"
}

@Article{	  app97a,
  title		= "The maximum vertex degree of a graph on uniform points in
		  $[0, 1]^d$",
  author	= "M.~J.~B. Appel and R.~P. Russo",
  journal	= "Advances in Applied Probability",
  pages		= "567--581",
  volume	= "29",
  year		= "1997"
}

@Article{	  app97b,
  title		= "The minimum vertex degree of a graph on uniform points in
		  $[0, 1]^d$",
  author	= "M.~J.~B. Appel and R.~P. Russo",
  journal	= "Advances in Applied Probability",
  pages		= "582--594",
  volume	= "29",
  year		= "1997"
}


